@article{fama1993common,
  title={Common risk factors in the returns on stocks and bonds},
  author={Fama, Eugene F and French, Kenneth R},
  journal={Journal of financial economics},
  volume={33},
  number={1},
  pages={3--56},
  year={1993},
  publisher={Elsevier}
}


@article{erb1994forecasting,
  title={Forecasting international equity correlations},
  author={Erb, Claude B and Harvey, Campbell R and Viskanta, Tadas E},
  journal={Financial analysts journal},
  volume={50},
  number={6},
  pages={32--45},
  year={1994},
  publisher={Taylor \& Francis}
}


@article{ding2020social,
  title={Social media, financial reporting opacity, and return comovement: Evidence from Seeking Alpha},
  author={Ding, Rong and Zhou, Hang and Li, Yifan},
  journal={Journal of Financial Markets},
  volume={50},
  pages={100511},
  year={2020},
  publisher={Elsevier}
}


@article{pindyck1993comovement,
  title={The comovement of stock prices},
  author={Pindyck, Robert S and Rotemberg, Julio J},
  journal={The quarterly journal of economics},
  volume={108},
  number={4},
  pages={1073--1104},
  year={1993},
  publisher={MIT Press}
}


@article{balakrishnan2014shaping,
  title={Shaping liquidity: On the causal effects of voluntary disclosure},
  author={Balakrishnan, Karthik and Billings, Mary Brooke and Kelly, Bryan and Ljungqvist, Alexander},
  journal={the Journal of Finance},
  volume={69},
  number={5},
  pages={2237--2278},
  year={2014},
  publisher={Wiley Online Library}
}


@article{drake2017comovement,
  title={The comovement of investor attention},
  author={Drake, Michael S and Jennings, Jared and Roulstone, Darren T and Thornock, Jacob R},
  journal={Management Science},
  volume={63},
  number={9},
  pages={2847--2867},
  year={2017},
  publisher={INFORMS}
}


@article{muslu2014sell,
  title={Sell-side analyst research and stock comovement},
  author={Muslu, Volkan and Rebello, Michael and Xu, Yexiao},
  journal={Journal of Accounting Research},
  volume={52},
  number={4},
  pages={911--954},
  year={2014},
  publisher={Wiley Online Library}
}


@article{dyer2017evolution,
  title={The evolution of 10-K textual disclosure: Evidence from Latent Dirichlet Allocation},
  author={Dyer, Travis and Lang, Mark and Stice-Lawrence, Lorien},
  journal={Journal of Accounting and Economics},
  volume={64},
  number={2-3},
  pages={221--245},
  year={2017},
  publisher={Elsevier}
}


@article{piotroski2004influence,
  title={The influence of analysts, institutional investors, and insiders on the incorporation of market, industry, and firm-specific information into stock prices},
  author={Piotroski, Joseph D and Roulstone, Darren T},
  journal={The accounting review},
  volume={79},
  number={4},
  pages={1119--1151},
  year={2004}
}



@article{dang2015commonality,
  title={Commonality in news around the world},
  author={Dang, Tung Lam and Moshirian, Fariborz and Zhang, Bohui},
  journal={Journal of Financial Economics},
  volume={116},
  number={1},
  pages={82--110},
  year={2015},
  publisher={Elsevier}
}

@article{anton2014connected,
  title={Connected stocks},
  author={Anton, Miguel and Polk, Christopher},
  journal={The Journal of Finance},
  volume={69},
  number={3},
  pages={1099--1127},
  year={2014},
  publisher={Wiley Online Library}
}

@article{haggard2008does,
  title={Does voluntary disclosure improve stock price informativeness?},
  author={Haggard, K Stephen and Martin, Xiumin and Pereira, Raynolde},
  journal={Financial Management},
  volume={37},
  number={4},
  pages={747--768},
  year={2008},
  publisher={Wiley Online Library}
}


@article{wu2014supply,
  title={Supply chain network structure and firm returns},
  author={Wu, Jing and Birge, John R},
  journal={Available at SSRN 2385217},
  year={2014}
}


@article{lavassani2021firm,
  title={Firm-level analysis of global supply chain network: role of centrality on firmâ€™s performance},
  author={Lavassani, Kayvan Miri and Movahedi, Bahar},
  journal={International Journal of Global Business and Competitiveness},
  volume={16},
  number={2},
  pages={86--103},
  year={2021},
  publisher={Springer}
}